@article{ribeiro2006bandwidth,
  title={Bandwidth-constrained distributed estimation for wireless sensor networks-part II: unknown probability density function},
  author={Ribeiro, Alejandro and Giannakis, Georgios B},
  journal={Signal Processing, IEEE Transactions on},
  volume={54},
  number={7},
  pages={2784--2796},
  year={2006},
  publisher={IEEE}
}

@inproceedings{bahceci2005serial,
	title={Serial distributed detection for wireless sensor networks},
	author={Bahceci, Israfil and Al-Regib, Ghassan and Altunbasak, Yucel},
	booktitle={Information Theory, 2005. ISIT 2005. Proceedings. International Symposium on},
	pages={830--834},
	year={2005},
	organization={IEEE}
}

@inproceedings{bandyopadhyay2014distributed,
	title={Distributed estimation using Bayesian consensus filtering},
	author={Bandyopadhyay, Supriyo and Chung, Soon-Jo},
	booktitle={American Control Conference (ACC), 2014},
	pages={634--641},
	year={2014},
	organization={IEEE}
}

@inproceedings{beaudeau2012target,
	title={Target tracking with asynchronous measurements by a network of distributed mobile agents},
	author={Beaudeau, Jonathan and Bugallo, M{\'o}nica F and Djuric, Petar M},
	booktitle={Acoustics, Speech and Signal Processing (ICASSP), 2012 IEEE International Conference on},
	pages={3857--3860},
	year={2012},
	organization={IEEE}
}

@inproceedings{bonnie2012modelling,
	title={Modelling search with a binary sensor utilizing self-conjugacy of the exponential family},
	author={Bonnie, Devin and Candido, Salvatore and Bretl, Timothy and Hutchinson, Seth},
	booktitle={Robotics and Automation (ICRA), 2012 IEEE International Conference on},
	pages={3975--3982},
	year={2012},
	organization={IEEE}
}

@article{chamberland2007wireless,
	title={Wireless sensors in distributed detection applications},
	author={Chamberland, Jean-Francois and Veeravalli, Venugopal V},
	journal={Signal Processing Magazine, IEEE},
	volume={24},
	number={3},
	pages={16--25},
	year={2007},
	publisher={IEEE}
}

@inproceedings{coates2004distributed,
	title={Distributed particle filters for sensor networks},
	author={Coates, Mark},
	booktitle={Proceedings of the 3rd international symposium on Information processing in sensor networks},
	pages={99--107},
	year={2004},
	organization={ACM}
}

@article{coraluppi2006multistatic,
	title={Multistatic sonar localization},
	author={Coraluppi, Stefano},
	journal={Oceanic Engineering, IEEE Journal of},
	volume={31},
	number={4},
	pages={964--974},
	year={2006},
	publisher={IEEE}
}

@inproceedings{hahnel2003efficient,
	title={An efficient FastSLAM algorithm for generating maps of large-scale cyclic environments from raw laser range measurements},
	author={Hahnel, Daniel and Burgard, Wolfram and Fox, Dieter and Thrun, Sebastian},
	booktitle={Intelligent Robots and Systems, 2003.(IROS 2003). Proceedings. 2003 IEEE/RSJ International Conference on},
	volume={1},
	pages={206--211},
	year={2003},
	organization={IEEE}
}

@inproceedings{djuric2011non,
	title={Non-centralized target tracking with mobile agents},
	author={Djuri{\'c}, Petar M and Beaudeau, Jonathan and Bugallo, M{\'o}nica F},
	booktitle={Acoustics, Speech and Signal Processing (ICASSP), 2011 IEEE International Conference on},
	pages={5928--5931},
	year={2011},
	organization={IEEE}
}

@article{djuric2008target,
	title={Target tracking by particle filtering in binary sensor networks},
	author={Djuri{\'c}, Petar M and Vemula, Mahesh and Bugallo, M{\'o}nica F},
	journal={Signal Processing, IEEE Transactions on},
	volume={56},
	number={6},
	pages={2229--2238},
	year={2008},
	publisher={IEEE}
}

@inproceedings{furukawa2006recursive,
	title={Recursive Bayesian search-and-tracking using coordinated UAVs for lost targets},
	author={Furukawa, Tomonari and Bourgault, Frederic and Lavis, Benjamin and Durrant-Whyte, Hugh F},
	booktitle={Robotics and Automation, 2006. ICRA 2006. Proceedings 2006 IEEE International Conference on},
	pages={2521--2526},
	year={2006},
	organization={IEEE}
}

@inproceedings{ghosal1997review,
	title={A review of consistency and convergence of posterior distribution},
	author={Ghosal, Subhashis},
	booktitle={Varanashi Symposium in Bayesian Inference, Banaras Hindu University},
	year={1997}
}

@article{hlinka2013distributed,
	title={Distributed particle filtering in agent networks: A survey, classification, and comparison},
	author={Hlinka, Ondrej and Hlawatsch, Franz and Djuric, Petar M},
	journal={Signal Processing Magazine, IEEE},
	volume={30},
	number={1},
	pages={61--81},
	year={2013},
	publisher={IEEE}
}

@article{tisdale2009autonomous,
	title={Autonomous UAV path planning and estimation},
	author={Tisdale, John and Kim, ZuWhan and Hedrick, J Karl},
	journal={Robotics \& Automation Magazine, IEEE},
	volume={16},
	number={2},
	pages={35--42},
	year={2009},
	publisher={IEEE}
}

@article{jadbabaie2003coordination,
	title={Coordination of groups of mobile autonomous agents using nearest neighbor rules},
	author={Jadbabaie, Ali and Lin, Jie and others},
	journal={Automatic Control, IEEE Transactions on},
	volume={48},
	number={6},
	pages={988--1001},
	year={2003},
	publisher={IEEE}
}

@article{julian2012distributed,
	title={Distributed robotic sensor networks: An information-theoretic approach},
	author={Julian, Brian J and Angermann, Michael and Schwager, Mac and Rus, Daniela},
	journal={The International Journal of Robotics Research},
	volume={31},
	number={10},
	pages={1134--1154},
	year={2012},
	publisher={SAGE Publications}
}

@inproceedings{kulich2014single,
	title={Single robot search for a stationary object in an unknown environment},
	author={Kulich, Miroslav and Preucil, Libor and Miranda Bront, Juan Jose},
	booktitle={Robotics and Automation (ICRA), 2014 IEEE International Conference on},
	pages={5830--5835},
	year={2014},
	organization={IEEE}
}

@inproceedings{zuo2006bandwidth,
	title={Bandwidth-efficient target tracking in distributed sensor networks using particle filters},
	author={Zuo, Long and Mehrotra, Kishan and Varshney, Pramod K and Mohan, Chilukuri K},
	booktitle={Information Fusion, 2006 9th International Conference on},
	pages={1--4},
	year={2006},
	organization={IEEE}
}

@inproceedings{liu2014framework,
	title={A Framework for Autonomous Vehicles With Goal Inference and Task Allocation Capabilities to Support Peer Collaboration With Human Agents},
	author={Liu, Chang and Liu, Shih-Yuan and Carano, Elena L and Hedrick, J Karl},
	booktitle={ASME 2014 Dynamic Systems and Control Conference},
	pages={V002T30A005--V002T30A005},
	year={2014},
	organization={American Society of Mechanical Engineers}
}

@article{hlinka2015distributed,
	title={Distributed Sequential Estimation in Asynchronous Wireless Sensor Networks},
	author={Hlinka, Ondrej and Hlawatsch, Franz and Djuric, Petar},
	year={2015},
	publisher={IEEE}
}

@article{hlinka2012likelihood,
	title={Likelihood consensus and its application to distributed particle filtering},
	author={Hlinka, Ondrej and Slu{\v{c}}iak, Ondrej and Hlawatsch, Franz and Djuri{\'c}, Petar M and Rupp, Markus},
	journal={Signal Processing, IEEE Transactions on},
	volume={60},
	number={8},
	pages={4334--4349},
	year={2012},
	publisher={IEEE}
}

@inproceedings{2005distributed,
	title={Distributed Kalman filter with embedded consensus filters},
	author={Olfati-Saber, Reza},
	booktitle={Decision and Control, 2005 and 2005 European Control Conference. CDC-ECC'05. 44th IEEE Conference on},
	pages={8179--8184},
	year={2005},
	organization={IEEE}
}

@article{olfati2007consensus,
	title={Consensus and cooperation in networked multi-agent systems},
	author={Olfati-Saber, Reza and Fax, Alex and Murray, Richard M},
	journal={Proceedings of the IEEE},
	volume={95},
	number={1},
	pages={215--233},
	year={2007},
	publisher={IEEE}
}

@inproceedings{ram2007stochastic,
	title={Stochastic incremental gradient descent for estimation in sensor networks},
	author={Ram, S Sundhar and Nedic, A and Veeravalli, VV},
	booktitle={Signals, Systems and Computers, 2007. ACSSC 2007. Conference Record of the Forty-First Asilomar Conference on},
	pages={582--586},
	year={2007},
	organization={IEEE}
}

@article{ren2005consensus,
	title={Consensus seeking in multiagent systems under dynamically changing interaction topologies},
	author={Ren, Wei and Beard, Randal W and others},
	journal={IEEE Transactions on automatic control},
	volume={50},
	number={5},
	pages={655--661},
	year={2005}
}

@inproceedings{sheng2005distributed,
	title={Distributed particle filter with GMM approximation for multiple targets localization and tracking in wireless sensor network},
	author={Sheng, Xiaohong and Hu, Yu-Hen and Ramanathan, Parameswaran},
	booktitle={Proceedings of the 4th international symposium on Information processing in sensor networks},
	pages={24},
	year={2005},
	organization={IEEE Press}
}

@article{ren2007distributed,
	title={Distributed multi-vehicle coordinated control via local information exchange},
	author={Ren, Wei and Atkins, Ella},
	journal={International Journal of Robust and Nonlinear Control},
	volume={17},
	number={10-11},
	pages={1002--1033},
	year={2007},
	publisher={Wiley Online Library}
}

@inproceedings{rosencrantz2002decentralized,
	title={Decentralized sensor fusion with distributed particle filters},
	author={Rosencrantz, Matt and Gordon, Geoffrey and Thrun, Sebastian},
	booktitle={Proceedings of the Nineteenth conference on Uncertainty in Artificial Intelligence},
	pages={493--500},
	year={2002},
	organization={Morgan Kaufmann Publishers Inc.}
}

@inproceedings{gu2007distributed,
	title={Distributed particle filter for target tracking},
	author={Gu, Dongbing},
	booktitle={Robotics and Automation, 2007 IEEE International Conference on},
	pages={3856--3861},
	year={2007},
	organization={IEEE}
}

@article{cao2008development,
	title={Development of an integrated wireless sensor network micro-environmental monitoring system},
	author={Cao, Xianghui and Chen, Jiming and Zhang, Yan and Sun, Youxian},
	journal={ISA transactions},
	volume={47},
	number={3},
	pages={247--255},
	year={2008},
	publisher={Elsevier}
}

@inproceedings{wang2007wlan,
	title={WLAN-based pedestrian tracking using particle filters and low-cost MEMS sensors},
	author={Wang, Hui and Lenz, Henning and Szabo, Andrei and Bamberger, Joachim and Hanebeck, Uwe D},
	booktitle={Positioning, Navigation and Communication, 2007. WPNC'07. 4th Workshop on},
	pages={1--7},
	year={2007},
	organization={IEEE}
}

@inproceedings{vemula2006target,
	title={Target tracking in a two-tiered hierarchical sensor network},
	author={Vemula, Mahesh and Bugallo, M{\'o}nica F and Djuri{\'c}, Petar M},
	booktitle={Acoustics, Speech and Signal Processing, 2006. ICASSP 2006 Proceedings. 2006 IEEE International Conference on},
	volume={4},
	pages={IV--IV},
	year={2006},
	organization={IEEE}
}

@article{madhavan2004distributed,
	title={Distributed cooperative outdoor multirobot localization and mapping},
	author={Madhavan, Raj and Fregene, Kingsley and Parker, Lynne E},
	journal={Autonomous Robots},
	volume={17},
	number={1},
	pages={23--39},
	year={2004},
	publisher={Springer}
}

@article{hlinka2012likelihood,
	title={Likelihood consensus and its application to distributed particle filtering},
	author={Hlinka, Ondrej and Slu{\v{c}}iak, Ondrej and Hlawatsch, Franz and Djuri{\'c}, Petar M and Rupp, Markus},
	journal={Signal Processing, IEEE Transactions on},
	volume={60},
	number={8},
	pages={4334--4349},
	year={2012},
	publisher={IEEE}
}

@article{thatte2008sensor,
	title={Sensor selection and power allocation for distributed estimation in sensor networks: Beyond the star topology},
	author={Thatte, Gautam and Mitra, Urbashi},
	journal={Signal Processing, IEEE Transactions on},
	volume={56},
	number={7},
	pages={2649--2661},
	year={2008},
	publisher={IEEE}
}

@article{lawton2003decentralized,
	title={A decentralized approach to formation maneuvers},
	author={Lawton, Jonathan RT and Beard, Randal W and Young, Brett J},
	journal={Robotics and Automation, IEEE Transactions on},
	volume={19},
	number={6},
	pages={933--941},
	year={2003},
	publisher={IEEE}
}

@article{liu2010simple,
	title={Simple movement control algorithm for bi-connectivity in robotic sensor networks},
	author={Liu, Hai and Chu, Xiaowen and Leung, Yiu-Wing and Du, Rui},
	journal={Selected Areas in Communications, IEEE Journal on},
	volume={28},
	number={7},
	pages={994--1005},
	year={2010},
	publisher={IEEE}
}

@article{pandey2015dynamic,
	title={Dynamic Collaboration Between Networked Robots and Clouds in Resource-Constrained Environments},
	author={Pandey, Parul and Pompili, Dario and Yi, Jingang},
	journal={Automation Science and Engineering, IEEE Transactions on},
	volume={12},
	number={2},
	pages={471--480},
	year={2015},
	publisher={IEEE}
}

@article{sujit2011self,
	title={Self assessment-based decision making for multiagent cooperative search},
	author={Sujit, PB and Ghose, Debasish},
	journal={Automation Science and Engineering, IEEE Transactions on},
	volume={8},
	number={4},
	pages={705--719},
	year={2011},
	publisher={IEEE}
}

@ARTICLE{7225186, 
	author={Adler, A. and de Berg, M. and Halperin, D. and Solovey, K.}, 
	journal={Automation Science and Engineering, IEEE Transactions on}, 
	title={Efficient Multi-Robot Motion Planning for Unlabeled Discs in Simple Polygons}, 
	year={2015}, 
	volume={12}, 
	number={4}, 
	pages={1309-1317}, 
	keywords={computational complexity;mobile robots;multi-robot systems;path planning;multirobot motion planning;simple polygon;strongly NP-hard problem;unlabeled discs;Collision avoidance;Computational geometry;Motion planning;Multi-robot systems;Computational geometry;motion planning;multi-robot motion planning}, 
	doi={10.1109/TASE.2015.2470096}, 
	ISSN={1545-5955}, 
	month={Oct},}