@inproceedings{chung2009probabilistic,
	title={Probabilistic search optimization and mission assignment for heterogeneous autonomous agents},
	author={Chung, Timothy H and Kress, Moshe and Royset, Johannes O},
	booktitle={Robotics and Automation, 2009. ICRA'09. IEEE International Conference on},
	pages={939--945},
	year={2009},
	organization={IEEE}
}

@inproceedings{lau2006probabilistic,
	title={Probabilistic search for a moving target in an indoor environment},
	author={Lau, Haye and Huang, Shoudong and Dissanayake, Gamini},
	booktitle={Intelligent Robots and Systems, 2006 IEEE/RSJ International Conference on},
	pages={3393--3398},
	year={2006},
	organization={IEEE}
}

@article{koopman1946search,
	title={Search and screening. Operations Evaluation Group Report 56},
	author={Koopman, BO},
	journal={Center for Naval Analysis, Alexandria, Virginia},
	year={1946}
}

@inproceedings{furukawa2006recursive,
  title={Recursive Bayesian search-and-tracking using coordinated UAVs for lost targets},
  author={Furukawa, Tomonari and Bourgault, Frederic and Lavis, Benjamin and Durrant-Whyte, Hugh F},
  booktitle={Robotics and Automation, 2006. ICRA 2006. Proceedings 2006 IEEE International Conference on},
  pages={2521--2526},
  year={2006},
  organization={IEEE}
}

@article{ryan2010particle,
	title={Particle filter based information-theoretic active sensing},
	author={Ryan, Allison and Hedrick, J Karl},
	journal={Robotics and Autonomous Systems},
	volume={58},
	number={5},
	pages={574--584},
	year={2010},
	publisher={Elsevier}
}

@article{grocholsky2006cooperative,
  title={Cooperative air and ground surveillance},
  author={Grocholsky, Ben and Keller, James and Kumar, Vijay and Pappas, George},
  journal={Robotics \& Automation Magazine, IEEE},
  volume={13},
  number={3},
  pages={16--25},
  year={2006},
  publisher={IEEE}
}

@inproceedings{bourgault2006optimal,
  title={Optimal search for a lost target in a Bayesian world},
  author={Bourgault, Fr{\'e}d{\'e}ric and Furukawa, Tomonari and Durrant-Whyte, Hugh F},
  booktitle={Field and service robotics},
  pages={209--222},
  year={2006},
  organization={Springer}
}

@article{tisdale2009autonomous,
  title={Autonomous UAV path planning and estimation},
  author={Tisdale, John and Kim, Zuwhan and Hedrick, J Karl},
  journal={Robotics \& Automation Magazine, IEEE},
  volume={16},
  number={2},
  pages={35--42},
  year={2009},
  publisher={IEEE}
}

@inproceedings{godwin2006distributed,
  title={Distributed collaboration with limited communication using mission state estimates},
  author={Godwin, Mark F and Spry, Stephen and Hedrick, J Karl},
  booktitle={American Control Conference, 2006},
  pages={7--pp},
  year={2006},
  organization={IEEE}
}

@article{eele2009path,
	title={Path-planning with avoidance using nonlinear branch-and-bound optimization},
	author={Eele, Alison J and Richards, Arthur},
	journal={Journal of guidance, control, and dynamics},
	volume={32},
	number={2},
	pages={384--394},
	year={2009}
}

@article{yokoyama2012path,
	title={Path generation algorithm for turbulence avoidance using real-time optimization},
	author={Yokoyama, Nobuhiro},
	journal={Journal of Guidance, Control, and Dynamics},
	volume={36},
	number={1},
	pages={250--262},
	year={2012},
	publisher={American Institute of Aeronautics and Astronautics}
}

@article{khatib1986real,
	title={Real-time obstacle avoidance for manipulators and mobile robots},
	author={Khatib, Oussama},
	journal={The international journal of robotics research},
	volume={5},
	number={1},
	pages={90--98},
	year={1986},
	publisher={Sage Publications}
}

@article{lavalle2001randomized,
	title={Randomized kinodynamic planning},
	author={LaValle, Steven M and Kuffner, James J},
	journal={The International Journal of Robotics Research},
	volume={20},
	number={5},
	pages={378--400},
	year={2001},
	publisher={SAGE Publications}
}

@article{kavraki1996probabilistic,
	title={Probabilistic roadmaps for path planning in high-dimensional configuration spaces},
	author={Kavraki, Lydia E and Svestka, Petr and Latombe, J-C and Overmars, Mark H},
	journal={Robotics and Automation, IEEE Transactions on},
	volume={12},
	number={4},
	pages={566--580},
	year={1996},
	publisher={IEEE}
}

@article{kalman1960new,
	title={A new approach to linear filtering and prediction problems},
	author={Kalman, Rudolph Emil},
	journal={Journal of Fluids Engineering},
	volume={82},
	number={1},
	pages={35--45},
	year={1960},
	publisher={American Society of Mechanical Engineers}
}

@book{harvey1990forecasting,
	title={Forecasting, structural time series models and the Kalman filter},
	author={Harvey, Andrew C},
	year={1990},
	publisher={Cambridge university press}
}

@inproceedings{panagou2013multi,
	title={Multi-objective control for multi-agent systems using Lyapunov-like barrier functions},
	author={Panagou, Dimitra and Stipanovic, Dusan M and Voulgaris, Petros G},
	booktitle={Decision and Control (CDC), 2013 IEEE 52nd Annual Conference on},
	pages={1478--1483},
	year={2013},
	organization={IEEE}
}

@article{hoffmann2010mobile,
	title={Mobile sensor network control using mutual information methods and particle filters},
	author={Hoffmann, Gabriel M and Tomlin, Claire J},
	journal={Automatic Control, IEEE Transactions on},
	volume={55},
	number={1},
	pages={32--47},
	year={2010},
	publisher={IEEE}
}

@book{wright1999numerical,
	title={Numerical optimization},
	author={Wright, Stephen J and Nocedal, Jorge},
	volume={2},
	year={1999},
	publisher={Springer New York}
}

@inproceedings{ferrer2014behavior,
	title={Behavior estimation for a complete framework for human motion prediction in crowded environments},
	author={Ferrer, Gonzalo and Sanfeliu, Alberto},
	booktitle={Robotics and Automation (ICRA), 2014 IEEE International Conference on},
	pages={5940--5945},
	year={2014},
	organization={IEEE}
}

@inproceedings{bruce2004better,
	title={Better motion prediction for people-tracking},
	author={Bruce, Allison and Gordon, Geoffrey},
	booktitle={Proc. of the Int. Conf. on Robotics \& Automation (ICRA), Barcelona, Spain},
	year={2004}
}

@inproceedings{bonnie2012modelling,
	title={Modelling search with a binary sensor utilizing self-conjugacy of the exponential family},
	author={Bonnie, Devin and Candido, Salvatore and Bretl, Timothy and Hutchinson, Seth},
	booktitle={Robotics and Automation (ICRA), 2012 IEEE International Conference on},
	pages={3975--3982},
	year={2012},
	organization={IEEE}
}

@book{thrun2005probabilistic,
	title={Probabilistic robotics},
	author={Thrun, Sebastian and Burgard, Wolfram and Fox, Dieter},
	year={2005},
	publisher={MIT press}
}

@inproceedings{sheng2005distributed,
	title={Distributed particle filter with GMM approximation for multiple targets localization and tracking in wireless sensor network},
	author={Sheng, Xiaohong and Hu, Yu-Hen and Ramanathan, Parameswaran},
	booktitle={Proceedings of the 4th international symposium on Information processing in sensor networks},
	pages={24},
	year={2005},
	organization={IEEE Press}
}

@article{bilmes1998gentle,
	title={A gentle tutorial of the EM algorithm and its application to parameter estimation for Gaussian mixture and hidden Markov models},
	author={Bilmes, Jeff A and others},
	journal={International Computer Science Institute},
	volume={4},
	number={510},
	pages={126},
	year={1998}
}

@article{hartigan1979algorithm,
	title={Algorithm AS 136: A k-means clustering algorithm},
	author={Hartigan, John A and Wong, Manchek A},
	journal={Applied statistics},
	pages={100--108},
	year={1979},
	publisher={JSTOR}
}

@inproceedings{kulich2014single,
	title={Single robot search for a stationary object in an unknown environment},
	author={Kulich, Miroslav and Preucil, Libor and Bront, Juan Jose Miranda},
	booktitle={Robotics and Automation (ICRA), 2014 IEEE International Conference on},
	pages={5830--5835},
	year={2014},
	organization={IEEE}
}

@inproceedings{bertuccelli2006search,
	title={Search for dynamic targets with uncertain probability maps},
	author={Bertuccelli, Luca F and How, Jonathan P},
	booktitle={American Control Conference, 2006},
	pages={6--pp},
	year={2006},
	organization={IEEE}
}