@book{mackay2003information,
	title={Information theory, inference and learning algorithms},
	author={MacKay, David JC},
	year={2003},
	publisher={Cambridge university press}
}

@inproceedings{liu2015model,
	title={Model Predictive Control-Based Probabilistic Search Method for Autonomous Ground Robot in a Dynamic Environment},
	author={Liu, Chang and Li, Shengbo Eben and Hedrick, J Karl},
	booktitle={ASME 2015 Dynamic Systems and Control Conference},
	pages={V003T49A003--V003T49A003},
	year={2015},
	organization={American Society of Mechanical Engineers}
}

@inproceedings{lanillos2012minimum,
	title={Minimum time search for lost targets using cross entropy optimization},
	author={Lanillos, Pablo and Besada-Portas, Eva and Pajares, Gonzalo and Ruz, Jos{\'e} J},
	booktitle={2012 IEEE/RSJ International Conference on Intelligent Robots and Systems},
	pages={602--609},
	year={2012},
	organization={IEEE}
}

@inproceedings{bourgault2004process,
	title={Process model, constraints, and the coordinated search strategy},
	author={Bourgault, Frederic and Furukawa, Tomonari and Durrant-Whyte, Hugh F},
	booktitle={Robotics and Automation, 2004. Proceedings. ICRA'04. 2004 IEEE International Conference on},
	volume={5},
	pages={5256--5261},
	year={2004},
	organization={IEEE}
}

@article{stone1989or,
	title={OR Forumâ€”What's Happened in Search Theory Since the 1975 Lanchester Prize?},
	author={Stone, Lawrence D},
	journal={Operations Research},
	volume={37},
	number={3},
	pages={501--506},
	year={1989},
	publisher={INFORMS}
}

@inproceedings{yu2016dynamical,
	title={Dynamical tracking of surrounding objects for road vehicles using linearly-arrayed ultrasonic sensors},
	author={Yu, Jiaying and Li, Shengbo Eben and Liu, Chang and Cheng, Bo},
	booktitle={2016 IEEE Intelligent Vehicles Symposium (IV)},
	pages={72--77},
	year={2016},
	organization={IEEE}
}

@article{atanasov2015distributed,
	title={Distributed algorithms for stochastic source seeking with mobile robot networks},
	author={Atanasov, Nikolay A and Le Ny, Jerome and Pappas, George J},
	journal={Journal of Dynamic Systems, Measurement, and Control},
	volume={137},
	number={3},
	pages={031004},
	year={2015},
	publisher={American Society of Mechanical Engineers}
}

@article{sinopoli2004kalman,
	title={Kalman filtering with intermittent observations},
	author={Sinopoli, Bruno and Schenato, Luca and Franceschetti, Massimo and Poolla, Kameshwar and Jordan, Michael I and Sastry, Shankar S},
	journal={IEEE transactions on Automatic Control},
	volume={49},
	number={9},
	pages={1453--1464},
	year={2004},
	publisher={IEEE}
}

@inproceedings{patil2014gaussian,
	title={Gaussian belief space planning with discontinuities in sensing domains},
	author={Patil, Sachin and Duan, Yan and Schulman, John and Goldberg, Ken and Abbeel, Pieter},
	booktitle={2014 IEEE International Conference on Robotics and Automation (ICRA)},
	pages={6483--6490},
	year={2014},
	organization={IEEE}
}

@article{julian2012distributed,
	title={Distributed robotic sensor networks: An information-theoretic approach},
	author={Julian, Brian J and Angermann, Michael and Schwager, Mac and Rus, Daniela},
	journal={The International Journal of Robotics Research},
	volume={31},
	number={10},
	pages={1134--1154},
	year={2012},
	publisher={SAGE Publications}
}

@inproceedings{schwager2011multi,
	title={A multi-robot control policy for information gathering in the presence of unknown hazards},
	author={Schwager, Mac and Dames, Philip and Rus, Daniela and Kumar, Vijay},
	booktitle={Proceedings of International Symposium on Robotics Research, Aug},
	year={2011}
}

@inproceedings{kulich2014single,
	title={Single robot search for a stationary object in an unknown environment},
	author={Kulich, Miroslav and P{\v{r}}eu{\'c}il, Libor and Bront, Juan Jos{\'e} Miranda},
	booktitle={2014 IEEE International Conference on Robotics and Automation (ICRA)},
	pages={5830--5835},
	year={2014},
	organization={IEEE}
}

@inproceedings{kunze2012searching,
	title={Searching objects in large-scale indoor environments: A decision-theoretic approach},
	author={Kunze, Lars and Beetz, Michael and Saito, Manabu and Azuma, Haseru and Okada, Kei and Inaba, Masayuki},
	booktitle={Robotics and Automation (ICRA), 2012 IEEE International Conference on},
	pages={4385--4390},
	year={2012},
	organization={IEEE}
}

@article{hausman2015cooperative,
	title={Cooperative multi-robot control for target tracking with onboard sensing},
	author={Hausman, Karol and M{\"u}ller, J{\"o}rg and Hariharan, Abishek and Ayanian, Nora and Sukhatme, Gaurav S},
	journal={The International Journal of Robotics Research},
	volume={34},
	number={13},
	pages={1660--1677},
	year={2015},
	publisher={SAGE Publications}
}

@inproceedings{lee2000stable,
	title={A stable target-tracking control for unicycle mobile robots},
	author={Lee, Sung-On and Cho, Young-Jo and Hwang-Bo, Myung and You, Bum-Jae and Oh, Sang-Rok},
	booktitle={Intelligent Robots and Systems, 2000.(IROS 2000). Proceedings. 2000 IEEE/RSJ International Conference on},
	volume={3},
	pages={1822--1827},
	year={2000},
	organization={IEEE}
}

@article{papanikolopoulos1993visual,
	title={Visual tracking of a moving target by a camera mounted on a robot: A combination of control and vision},
	author={Papanikolopoulos, Nikolaos P and Khosla, Pradeep K and Kanade, Takeo},
	journal={ieee Transactions on Robotics and Automation},
	volume={9},
	number={1},
	pages={14--35},
	year={1993},
	publisher={IEEE}
}

@phdthesis{levine2010information,
	title={Information-rich path planning under general constraints using rapidly-exploring random trees},
	author={Levine, Daniel S},
	year={2010},
	school={Citeseer}
}

@article{hollinger2014sampling,
	title={Sampling-based robotic information gathering algorithms},
	author={Hollinger, Geoffrey A and Sukhatme, Gaurav S},
	journal={The International Journal of Robotics Research},
	pages={0278364914533443},
	year={2014},
	publisher={SAGE Publications}
}

@inproceedings{chung2009probabilistic,
	title={Probabilistic search optimization and mission assignment for heterogeneous autonomous agents},
	author={Chung, Timothy H and Kress, Moshe and Royset, Johannes O},
	booktitle={Robotics and Automation, 2009. ICRA'09. IEEE International Conference on},
	pages={939--945},
	year={2009},
	organization={IEEE}
}

@inproceedings{lau2006probabilistic,
	title={Probabilistic search for a moving target in an indoor environment},
	author={Lau, Haye and Huang, Shoudong and Dissanayake, Gamini},
	booktitle={Intelligent Robots and Systems, 2006 IEEE/RSJ International Conference on},
	pages={3393--3398},
	year={2006},
	organization={IEEE}
}

@article{koopman1946search,
	title={Search and screening. Operations Evaluation Group Report 56},
	author={Koopman, BO},
	journal={Center for Naval Analysis, Alexandria, Virginia},
	year={1946}
}

@inproceedings{furukawa2006recursive,
  title={Recursive Bayesian search-and-tracking using coordinated UAVs for lost targets},
  author={Furukawa, Tomonari and Bourgault, Frederic and Lavis, Benjamin and Durrant-Whyte, Hugh F},
  booktitle={Robotics and Automation, 2006. ICRA 2006. Proceedings 2006 IEEE International Conference on},
  pages={2521--2526},
  year={2006},
  organization={IEEE}
}

@article{ryan2010particle,
	title={Particle filter based information-theoretic active sensing},
	author={Ryan, Allison and Hedrick, J Karl},
	journal={Robotics and Autonomous Systems},
	volume={58},
	number={5},
	pages={574--584},
	year={2010},
	publisher={Elsevier}
}

@article{grocholsky2006cooperative,
  title={Cooperative air and ground surveillance},
  author={Grocholsky, Ben and Keller, James and Kumar, Vijay and Pappas, George},
  journal={Robotics \& Automation Magazine, IEEE},
  volume={13},
  number={3},
  pages={16--25},
  year={2006},
  publisher={IEEE}
}

@inproceedings{bourgault2006optimal,
  title={Optimal search for a lost target in a Bayesian world},
  author={Bourgault, Fr{\'e}d{\'e}ric and Furukawa, Tomonari and Durrant-Whyte, Hugh F},
  booktitle={Field and service robotics},
  pages={209--222},
  year={2006},
  organization={Springer}
}

@article{tisdale2009autonomous,
  title={Autonomous UAV path planning and estimation},
  author={Tisdale, John and Kim, Zuwhan and Hedrick, J Karl},
  journal={Robotics \& Automation Magazine, IEEE},
  volume={16},
  number={2},
  pages={35--42},
  year={2009},
  publisher={IEEE}
}

@inproceedings{godwin2006distributed,
  title={Distributed collaboration with limited communication using mission state estimates},
  author={Godwin, Mark F and Spry, Stephen and Hedrick, J Karl},
  booktitle={American Control Conference, 2006},
  pages={7--pp},
  year={2006},
  organization={IEEE}
}

@article{eele2009path,
	title={Path-planning with avoidance using nonlinear branch-and-bound optimization},
	author={Eele, Alison J and Richards, Arthur},
	journal={Journal of guidance, control, and dynamics},
	volume={32},
	number={2},
	pages={384--394},
	year={2009}
}

@article{yokoyama2012path,
	title={Path generation algorithm for turbulence avoidance using real-time optimization},
	author={Yokoyama, Nobuhiro},
	journal={Journal of Guidance, Control, and Dynamics},
	volume={36},
	number={1},
	pages={250--262},
	year={2012},
	publisher={American Institute of Aeronautics and Astronautics}
}

@article{khatib1986real,
	title={Real-time obstacle avoidance for manipulators and mobile robots},
	author={Khatib, Oussama},
	journal={The international journal of robotics research},
	volume={5},
	number={1},
	pages={90--98},
	year={1986},
	publisher={Sage Publications}
}

@article{lavalle2001randomized,
	title={Randomized kinodynamic planning},
	author={LaValle, Steven M and Kuffner, James J},
	journal={The International Journal of Robotics Research},
	volume={20},
	number={5},
	pages={378--400},
	year={2001},
	publisher={SAGE Publications}
}

@article{kavraki1996probabilistic,
	title={Probabilistic roadmaps for path planning in high-dimensional configuration spaces},
	author={Kavraki, Lydia E and Svestka, Petr and Latombe, J-C and Overmars, Mark H},
	journal={Robotics and Automation, IEEE Transactions on},
	volume={12},
	number={4},
	pages={566--580},
	year={1996},
	publisher={IEEE}
}

@article{kalman1960new,
	title={A new approach to linear filtering and prediction problems},
	author={Kalman, Rudolph Emil},
	journal={Journal of Fluids Engineering},
	volume={82},
	number={1},
	pages={35--45},
	year={1960},
	publisher={American Society of Mechanical Engineers}
}

@book{harvey1990forecasting,
	title={Forecasting, structural time series models and the Kalman filter},
	author={Harvey, Andrew C},
	year={1990},
	publisher={Cambridge university press}
}

@inproceedings{panagou2013multi,
	title={Multi-objective control for multi-agent systems using Lyapunov-like barrier functions},
	author={Panagou, Dimitra and Stipanovic, Dusan M and Voulgaris, Petros G},
	booktitle={Decision and Control (CDC), 2013 IEEE 52nd Annual Conference on},
	pages={1478--1483},
	year={2013},
	organization={IEEE}
}

@article{hoffmann2010mobile,
	title={Mobile sensor network control using mutual information methods and particle filters},
	author={Hoffmann, Gabriel M and Tomlin, Claire J},
	journal={Automatic Control, IEEE Transactions on},
	volume={55},
	number={1},
	pages={32--47},
	year={2010},
	publisher={IEEE}
}

@book{wright1999numerical,
	title={Numerical optimization},
	author={Wright, Stephen J and Nocedal, Jorge},
	volume={2},
	year={1999},
	publisher={Springer New York}
}

@inproceedings{ferrer2014behavior,
	title={Behavior estimation for a complete framework for human motion prediction in crowded environments},
	author={Ferrer, Gonzalo and Sanfeliu, Alberto},
	booktitle={Robotics and Automation (ICRA), 2014 IEEE International Conference on},
	pages={5940--5945},
	year={2014},
	organization={IEEE}
}

@inproceedings{bruce2004better,
	title={Better motion prediction for people-tracking},
	author={Bruce, Allison and Gordon, Geoffrey},
	booktitle={Proc. of the Int. Conf. on Robotics \& Automation (ICRA), Barcelona, Spain},
	year={2004}
}

@inproceedings{bonnie2012modelling,
	title={Modelling search with a binary sensor utilizing self-conjugacy of the exponential family},
	author={Bonnie, Devin and Candido, Salvatore and Bretl, Timothy and Hutchinson, Seth},
	booktitle={Robotics and Automation (ICRA), 2012 IEEE International Conference on},
	pages={3975--3982},
	year={2012},
	organization={IEEE}
}

@book{thrun2005probabilistic,
	title={Probabilistic robotics},
	author={Thrun, Sebastian and Burgard, Wolfram and Fox, Dieter},
	year={2005},
	publisher={MIT press}
}

@inproceedings{sheng2005distributed,
	title={Distributed particle filter with GMM approximation for multiple targets localization and tracking in wireless sensor network},
	author={Sheng, Xiaohong and Hu, Yu-Hen and Ramanathan, Parameswaran},
	booktitle={Proceedings of the 4th international symposium on Information processing in sensor networks},
	pages={24},
	year={2005},
	organization={IEEE Press}
}

@article{bilmes1998gentle,
	title={A gentle tutorial of the EM algorithm and its application to parameter estimation for Gaussian mixture and hidden Markov models},
	author={Bilmes, Jeff A and others},
	journal={International Computer Science Institute},
	volume={4},
	number={510},
	pages={126},
	year={1998}
}

@article{hartigan1979algorithm,
	title={Algorithm AS 136: A k-means clustering algorithm},
	author={Hartigan, John A and Wong, Manchek A},
	journal={Applied statistics},
	pages={100--108},
	year={1979},
	publisher={JSTOR}
}

@inproceedings{kulich2014single,
	title={Single robot search for a stationary object in an unknown environment},
	author={Kulich, Miroslav and Preucil, Libor and Bront, Juan Jose Miranda},
	booktitle={Robotics and Automation (ICRA), 2014 IEEE International Conference on},
	pages={5830--5835},
	year={2014},
	organization={IEEE}
}

@inproceedings{bertuccelli2006search,
	title={Search for dynamic targets with uncertain probability maps},
	author={Bertuccelli, Luca F and How, Jonathan P},
	booktitle={American Control Conference, 2006},
	pages={6--pp},
	year={2006},
	organization={IEEE}
}